<record><leader>00000cas a22000007a 4500</leader><controlfield tag="001">17494906</controlfield><controlfield tag="008">880217d19031907njuwr ne      0    0eng d</controlfield><datafield ind1=" " ind2=" " tag="010"><subfield code="a">sn 88071054 </subfield></datafield><datafield ind1=" " ind2=" " tag="040"><subfield code="a">NPA</subfield><subfield code="b">eng</subfield><subfield code="c">NPA</subfield><subfield code="d">NJW</subfield><subfield code="d">OCLCQ</subfield></datafield><datafield ind1=" " ind2=" " tag="042"><subfield code="a">msc</subfield></datafield><datafield ind1="0" ind2=" " tag="130"><subfield code="a">Mail and express (Red Bank, N.J. : 1903)</subfield></datafield><datafield ind1="1" ind2="4" tag="245"><subfield code="a">The mail and express.</subfield></datafield><datafield ind1="3" ind2="0" tag="246"><subfield code="a">Red Bank mail and express</subfield></datafield><datafield ind1=" " ind2=" " tag="260"><subfield code="a">Red Bank, N.J. :</subfield><subfield code="b">Lewis O. Summersett</subfield></datafield><datafield ind1=" " ind2=" " tag="310"><subfield code="a">Weekly</subfield></datafield><datafield ind1="1" ind2=" " tag="362"><subfield code="a">Began in 1903? Ceased in 1907?</subfield><subfield code="z">Cf. Wright, W.C. and Stellhorn, P.A. Direct. of N.J. newspapers.</subfield></datafield><datafield ind1=" " ind2=" " tag="588"><subfield code="a">Description based on: 5th yr., no. 42 (Mar. 31, 1905).</subfield></datafield><datafield ind1=" " ind2=" " tag="752"><subfield code="a">United States</subfield><subfield code="b">New Jersey</subfield><subfield code="c">Monmouth</subfield><subfield code="d">Red Bank.</subfield></datafield><datafield ind1="0" ind2="0" tag="780"><subfield code="t">Our mail and express</subfield></datafield></record>